<record><leader>00000cas a22000007a 4500</leader><controlfield tag="001">10994566</controlfield><controlfield tag="008">840727d19281932nyuwn ne      0    0eng d</controlfield><datafield ind1=" " ind2=" " tag="010"><subfield code="a">sn 84031022 </subfield></datafield><datafield ind1=" " ind2=" " tag="040"><subfield code="a">NYG</subfield><subfield code="b">eng</subfield><subfield code="c">NYG</subfield><subfield code="d">NYS</subfield><subfield code="d">OCLCQ</subfield></datafield><datafield ind1=" " ind2=" " tag="042"><subfield code="a">msc</subfield></datafield><datafield ind1="0" ind2="4" tag="245"><subfield code="a">The Messenger of the Enfield Falls Larger Parish.</subfield></datafield><datafield ind1="3" ind2="0" tag="246"><subfield code="a">Messenger</subfield></datafield><datafield ind1=" " ind2=" " tag="260"><subfield code="a">Enfield, N.Y. :</subfield><subfield code="b">Enfield Falls Larger Parish,</subfield><subfield code="c">1928-</subfield></datafield><datafield ind1=" " ind2=" " tag="300"><subfield code="a">v. :</subfield><subfield code="b">ill. ;</subfield><subfield code="c">30 cm.</subfield></datafield><datafield ind1=" " ind2=" " tag="310"><subfield code="a">Weekly (42 times a year)</subfield></datafield><datafield ind1="0" ind2=" " tag="362"><subfield code="a">Vol. 1, no. 1 (Jan. 21, 1928)-</subfield></datafield><datafield ind1="1" ind2=" " tag="362"><subfield code="a">Ceased in 1932.</subfield></datafield><datafield ind1=" " ind2=" " tag="500"><subfield code="a">Editor: Dutton S. Peterson, 1928-</subfield></datafield><datafield ind1=" " ind2=" " tag="500"><subfield code="a">Published on Thursday.</subfield></datafield><datafield ind1=" " ind2=" " tag="580"><subfield code="a">Merged with: Free press and sentinel, and: Voice of Valois, to form: Free press (Trumansburg, N.Y. : 1932).</subfield></datafield><datafield ind1=" " ind2="4" tag="651"><subfield code="a">Enfield (N.Y.)</subfield><subfield code="v">Newspapers.</subfield></datafield><datafield ind1=" " ind2="4" tag="651"><subfield code="a">Enfield (N.Y. : Town)</subfield><subfield code="v">Newspapers.</subfield></datafield><datafield ind1="1" ind2=" " tag="700"><subfield code="a">Peterson, Dutton S.</subfield></datafield><datafield ind1=" " ind2=" " tag="752"><subfield code="a">United States</subfield><subfield code="b">New York</subfield><subfield code="c">Tompkins</subfield><subfield code="d">Trumansburg.</subfield></datafield><datafield ind1=" " ind2=" " tag="752"><subfield code="a">United States</subfield><subfield code="b">New York</subfield><subfield code="c">Tompkins</subfield><subfield code="d">Enfield.</subfield></datafield><datafield ind1="0" ind2="5" tag="780"><subfield code="t">Lansing communicator</subfield></datafield><datafield ind1="1" ind2="7" tag="785"><subfield code="t">Free press and sentinel</subfield><subfield code="w">(DLC)sn 84031537</subfield></datafield><datafield ind1="1" ind2="7" tag="785"><subfield code="t">Voice of Valois</subfield></datafield><datafield ind1="1" ind2="7" tag="785"><subfield code="t">Free press (Trumansburg, N.Y. : 1932)</subfield><subfield code="w">(DLC)sn 84007953</subfield></datafield><datafield ind1="1" ind2=" " tag="029"><subfield code="a">AU@</subfield><subfield code="b">000020585801</subfield></datafield></record>